@book{MR2047103,
         AUTHOR = {Hartsfield, N. and Ringel, G.},
          TITLE = {Pearls in graph theory},
      PUBLISHER = {Dover Publications Inc.},
        ADDRESS = {Mineola, NY},
           YEAR = {2003},
          PAGES = {x+249},
           ISBN = {0-486-43232-7},
        MRCLASS = {05-01 (05Cxx)},
       MRNUMBER = {2047103 (2004m:05001)}
}


@book {MR0225619,
    AUTHOR = {Fraleigh, John B.},
     TITLE = {A first course in abstract algebra},
 PUBLISHER = {Addison-Wesley Publishing Co., Reading, Mass.-London-Don
              Mills, Ont.},
      YEAR = {1967},
     PAGES = {xvi+447},
   MRCLASS = {00.00},
  MRNUMBER = {0225619 (37 \#1212)},
}

@book{friedberg1982algebra,
  title={Algebra lineal},
  author={Friedberg, S.M. and Rodr{\'\i}guez, J.M.R.},
  isbn=9789684391970,
  url={http://books.google.com.mx/books?id=-03YGwAACAAJ},
  year=1982,
  publisher={Publs. Cultural}
}

@book{james2001representations,
  title={Representations and Characters of Groups},
  author={James, G. and Liebeck, M.W.},
  isbn=9780521003926,
  lccn=2001028708,
  series={Cambridge mathematical textbooks},
  url={http://books.google.com.mx/books?id=PiJMr6kZP44C},
  year=2001,
  publisher={Cambridge University Press}
}